<?xml version="1.0" encoding="UTF-8"?><collection xmlns="http://www.loc.gov/MARC21/slim"><record><leader>00486nam--2200193-u-4500</leader><controlfield tag="001">000052282</controlfield><controlfield tag="002">20161230</controlfield><controlfield tag="005">20161230201050</controlfield><controlfield tag="008">100610s1000------------r-----000-0-rus-d</controlfield><datafield ind1=" " ind2=" " tag="040"><subfield code="a">IFIN-HH</subfield></datafield><datafield ind1=" " ind2=" " tag="041"><subfield code="a">rus</subfield></datafield><datafield ind1=" " ind2=" " tag="080"><subfield code="a">519.22 (083.4)</subfield></datafield><datafield ind1="1" ind2=" " tag="100"><subfield code="a">Bolisev, L.N</subfield></datafield><datafield ind1="1" ind2="0" tag="245"><subfield code="a">Tabliti matematiceskoi statistiki</subfield><subfield code="c">L.N. Bolisev ; N.V. Smirnov</subfield></datafield><datafield ind1=" " ind2=" " tag="260"><subfield code="a">Moskva</subfield><subfield code="b">Nauka</subfield><subfield code="c">1983</subfield></datafield><datafield ind1=" " ind2=" " tag="300"><subfield code="a">416 p</subfield></datafield><datafield ind1="1" ind2=" " tag="700"><subfield code="a">Smirnov, N.V</subfield></datafield><datafield ind1=" " ind2=" " tag="852"><subfield code="a">71704</subfield><subfield code="c">519.2</subfield></datafield><datafield ind1=" " ind2=" " tag="CAT"><subfield code="a">Sys</subfield><subfield code="c">20100610</subfield><subfield code="h">133315</subfield></datafield></record></collection>